@article{hubacek2017poverty,
  title={Poverty eradication in a carbon constrained world},
  author={Hubacek, Klaus and Baiocchi, Giovanni and Feng, Kuishuang and Patwardhan, Anand},
  journal={Nature communications},
  volume={8},
  number={1},
  pages={912},
  year={2017},
  publisher={Nature Publishing Group UK London}
}

@article{chancel2022global,
  title={Global carbon inequality over 1990--2019},
  author={Chancel, Lucas},
  journal={Nature Sustainability},
  volume={5},
  number={11},
  pages={931--938},
  year={2022},
  publisher={Nature Publishing Group}
}

@article{hubacek2017global,
  title={Global carbon inequality},
  author={Hubacek, Klaus and Baiocchi, Giovanni and Feng, Kuishuang and Mu{\~n}oz Castillo, Ra{\'u}l and Sun, Laixiang and Xue, Jinjun},
  journal={Energy, Ecology and Environment},
  volume={2},
  pages={361--369},
  year={2017},
  publisher={Springer}
}


@article{oswald2020large,
  title={Large inequality in international and intranational energy footprints between income groups and across consumption categories},
  author={Oswald, Yannick and Owen, Anne and Steinberger, Julia K},
  journal={Nature Energy},
  volume={5},
  number={3},
  pages={231--239},
  year={2020},
  publisher={Nature Publishing Group}
}

@article{bruckner2022impacts,
  title={Impacts of poverty alleviation on national and global carbon emissions},
  author={Bruckner, Benedikt and Hubacek, Klaus and Shan, Yuli and Zhong, Honglin and Feng, Kuishuang},
  journal={Nature Sustainability},
  volume={5},
  number={4},
  pages={311--320},
  year={2022},
  publisher={Nature Publishing Group UK London}
}


@article{hailemariam2020carbon,
  title={Carbon emissions, income inequality and economic development},
  author={Hailemariam, Abebe and Dzhumashev, Ratbek and Shahbaz, Muhammad},
  journal={Empirical Economics},
  volume={59},
  number={3},
  pages={1139--1159},
  year={2020},
  publisher={Springer}
}

@article{knight2017wealth,
  title={Wealth inequality and carbon emissions in high-income countries},
  author={Knight, Kyle W and Schor, Juliet B and Jorgenson, Andrew K},
  journal={Social Currents},
  volume={4},
  number={5},
  pages={403--412},
  year={2017},
  publisher={SAGE Publications Sage CA: Los Angeles, CA}
}

@article{ravallion2000carbon,
  title={Carbon emissions and income inequality},
  author={Ravallion, Martin and Heil, Mark and Jalan, Jyotsna},
  journal={Oxford Economic Papers},
  volume={52},
  number={4},
  pages={651--669},
  year={2000},
  publisher={Oxford University Press}
}


@article{wollburg2023ending,
  title={Ending extreme poverty has a negligible impact on global greenhouse gas emissions},
  author={Wollburg, Philip and Hallegatte, Stephane and Mahler, Daniel Gerszon},
  journal={Nature},
  volume={623},
  number={7989},
  pages={982--986},
  year={2023},
  publisher={Nature Publishing Group UK London}
}

@article{edward2006ethical,
  title={The ethical poverty line: a moral quantification of absolute poverty},
  author={Edward, Peter},
  journal={Third World Quarterly},
  volume={27},
  number={2},
  pages={377--393},
  year={2006},
  publisher={Taylor \& Francis}
}

@misc{Hickel2019Pinker,
  author = {Hickel, Jason},
  title = {Pinker and Global Poverty},
  year = {2019},
  month = {Feb},
  day = {3},
  howpublished = {\url{https://www.jasonhickel.org/blog/2019/2/3/pinker-and-global-poverty}},
  note = {Accessed: [18.03.2024]}
}

@article{owid-poverty-minimum-growth-needed,
    author = {Max Roser},
    title = {How much economic growth is necessary to reduce global poverty substantially?},
    journal = {Our World in Data},
    year = {2021},
    note = {https://ourworldindata.org/poverty-minimum-growth-needed}
}


@article{owid-higher-poverty-global-line,
    author = {Max Roser},
    title = {Global poverty in an unequal world: Who is considered poor in a rich country? And what does this mean for our understanding of global poverty?},
    journal = {Our World in Data},
    year = {2021},
    note = {https://ourworldindata.org/higher-poverty-global-line}
}

@article{africanarguments2024modelling,
  title={Modelling injustice: South experts call for climate models paradigm shift},
  author={African Arguments},
  journal={African Arguments},
  year={2024},
  month={April},
  note={Retrieved from \url{https://africanarguments.org/2024/04/modelling-injustice-south-experts-call-for-climate-models-paradigm-shift/}}
}


@article{ricci2019unequal,
  title={Unequal exchange in the age of globalization},
  author={Ricci, Andrea},
  journal={Review of Radical Political Economics},
  volume={51},
  number={2},
  pages={225--245},
  year={2019},
  publisher={SAGE Publications Sage CA: Los Angeles, CA}
}


@article{moran2013does,
  title={Does ecologically unequal exchange occur?},
  author={Moran, Daniel D and Lenzen, Manfred and Kanemoto, Keiichiro and Geschke, Arne},
  journal={Ecological economics},
  volume={89},
  pages={177--186},
  year={2013},
  publisher={Elsevier}
}

@article{dorninger2021global,
  title={Global patterns of ecologically unequal exchange: Implications for sustainability in the 21st century},
  author={Dorninger, Christian and Hornborg, Alf and Abson, David J and Von Wehrden, Henrik and Schaffartzik, Anke and Giljum, Stefan and Engler, John-Oliver and Feller, Robert L and Hubacek, Klaus and Wieland, Hanspeter},
  journal={Ecological economics},
  volume={179},
  pages={106824},
  year={2021},
  publisher={Elsevier}
}


@article{o2014new,
  title={A new scenario framework for climate change research: the concept of shared socioeconomic pathways},
  author={O’Neill, Brian C and Kriegler, Elmar and Riahi, Keywan and Ebi, Kristie L and Hallegatte, Stephane and Carter, Timothy R and Mathur, Ritu and Van Vuuren, Detlef P},
  journal={Climatic change},
  volume={122},
  pages={387--400},
  year={2014},
  publisher={Springer}
}


@article{rao2019income,
  title={Income inequality projections for the shared socioeconomic pathways (SSPs)},
  author={Rao, Narasimha D and Sauer, Petra and Gidden, Matthew and Riahi, Keywan},
  journal={Futures},
  volume={105},
  pages={27--39},
  year={2019},
  publisher={Elsevier}
}


@article{benveniste2021tracing,
  title={Tracing international migration in projections of income and inequality across the Shared Socioeconomic Pathways},
  author={Benveniste, H{\'e}l{\`e}ne and Cuaresma, Jes{\'u}s Crespo and Gidden, Matthew and Muttarak, Raya},
  journal={Climatic Change},
  volume={166},
  number={3-4},
  pages={39},
  year={2021},
  publisher={Springer}
}

@article{riahi2017shared,
  title={The Shared Socioeconomic Pathways and their energy, land use, and greenhouse gas emissions implications: An overview},
  author={Riahi, Keywan and Van Vuuren, Detlef P and Kriegler, Elmar and Edmonds, Jae and O’neill, Brian C and Fujimori, Shinichiro and Bauer, Nico and Calvin, Katherine and Dellink, Rob and Fricko, Oliver and others},
  journal={Global environmental change},
  volume={42},
  pages={153--168},
  year={2017},
  publisher={Elsevier}
}


@article{hickel2021urgent,
  title={Urgent need for post-growth climate mitigation scenarios},
  author={Hickel, Jason and Brockway, Paul and Kallis, Giorgos and Key{\ss}er, Lorenz and Lenzen, Manfred and Slamer{\v{s}}ak, Aljo{\v{s}}a and Steinberger, Julia and {\"U}rge-Vorsatz, Diana},
  journal={Nature Energy},
  volume={6},
  number={8},
  pages={766--768},
  year={2021},
  publisher={Nature Publishing Group UK London}
}


@article{millward2020providing,
  title={Providing decent living with minimum energy: A global scenario},
  author={Millward-Hopkins, Joel and Steinberger, Julia K and Rao, Narasimha D and Oswald, Yannick},
  journal={Global Environmental Change},
  volume={65},
  pages={102168},
  year={2020},
  publisher={Elsevier}
}


@article{kikstra2021decent,
  title={Decent living gaps and energy needs around the world},
  author={Kikstra, Jarmo S and Mastrucci, Alessio and Min, Jihoon and Riahi, Keywan and Rao, Narasimha D},
  journal={Environmental Research Letters},
  volume={16},
  number={9},
  pages={095006},
  year={2021},
  publisher={IOP Publishing}
}

@incollection{doepke2023economics,
  title={The economics of fertility: A new era},
  author={Doepke, Matthias and Hannusch, Anne and Kindermann, Fabian and Tertilt, Mich{\`e}le},
  booktitle={Handbook of the Economics of the Family},
  volume={1},
  number={1},
  pages={151--254},
  year={2023},
  publisher={Elsevier}
}

@book{murphy2021energy,
  title={Energy and human ambitions on a finite planet},
  author={Murphy Jr, Thomas W},
  year={2021}
}

@article{owid-fertility-rate,
    author = {Max Roser},
    title = {Fertility Rate},
    journal = {Our World in Data},
    year = {2014},
    note = {https://ourworldindata.org/fertility-rate}
}

@article{owid-co2-and-greenhouse-gas-emissions,
    author = {Hannah Ritchie and Pablo Rosado and Max Roser},
    title = {CO₂ and Greenhouse Gas Emissions},
    journal = {Our World in Data},
    year = {2023},
    note = {https://ourworldindata.org/co2-and-greenhouse-gas-emissions}
}

@article{mukherji2023climate,
  title={Climate Change 2023 Synthesis Report},
  author={Mukherji, Aditi},
  year={2023}
}

@misc{pip2024,
    author       = {World Bank Group},
    title        = {Poverty and Inequality Platform (PIP)},
    year         = 2024,
    howpublished = {\url{https://pip.worldbank.org/}},
    note         = {Accessed: 2024-05-16}
}


@misc{owid_population2024,
    author       = {Roser, Max and Ritchie, Hannah and Ortiz-Ospina, Esteban},
    title        = {Population},
    year         = 2024,
    publisher    = {Our World in Data},
    howpublished = {\url{https://ourworldindata.org/grapher/population?time=latest}},
    note         = {Accessed: 2024-05-16}
}


@misc{worldbank_gdp2024,
    author       = {World Bank Group},
    title        = {GDP, PPP (constant 2017 international \$)},
    year         = 2024,
    publisher    = {World Bank},
    howpublished = {\url{https://data.worldbank.org/indicator/NY.GDP.MKTP.PP.KD}},
    note         = {Accessed: 2024-05-16}
}


@misc{climatewatch_ghg2024,
    author       = {Climate Watch},
    title        = {FAQ: Greenhouse Gases},
    year         = 2024,
    publisher    = {Climate Watch},
    howpublished = {\url{https://www.climatewatchdata.org/about/faq/ghg}},
    note         = {Accessed: 2024-05-16}
}

@article{owid-poverty-minimum-growth-needed,
    author = {Max Roser},
    title = {How much economic growth is necessary to reduce global poverty substantially?},
    journal = {Our World in Data},
    year = {2021},
    note = {https://ourworldindata.org/poverty-minimum-growth-needed}
}


@book{hickel2020less,
  title={Less is More: How Degrowth Will Save the World},
  author={Hickel, Jason},
  year={2020},
  publisher={Penguin Books},
  isbn={9781785152504}
}

@article{vogel2023green,
  title={Is green growth happening? An empirical analysis of achieved versus Paris-compliant CO2--GDP decoupling in high-income countries},
  author={Vogel, Jefim and Hickel, Jason},
  journal={The Lancet Planetary Health},
  volume={7},
  number={9},
  pages={e759--e769},
  year={2023},
  publisher={Elsevier}
}

@article{warlenius2023limits,
  title={The limits to degrowth: economic and climatic consequences of pessimist assumptions on decoupling},
  author={Warlenius, Rikard Hjorth},
  journal={Ecological Economics},
  volume={213},
  pages={107937},
  year={2023},
  publisher={Elsevier}
}

@article{jackson2024confronting,
  title={Confronting the dilemma of growth. A response to},
  author={Jackson, Tim and Hickel, Jason and Kallis, Giorgos},
  journal={Ecological Economics},
  volume={220},
  pages={108089},
  year={2024},
  publisher={Elsevier}
}

@article{hidalgo2021economic,
  title={Economic complexity theory and applications},
  author={Hidalgo, C{\'e}sar A},
  journal={Nature Reviews Physics},
  volume={3},
  number={2},
  pages={92--113},
  year={2021},
  publisher={Nature Publishing Group UK London}
}

@article{kikstra2021social,
  title={The social cost of carbon dioxide under climate-economy feedbacks and temperature variability},
  author={Kikstra, Jarmo S and Waidelich, Paul and Rising, James and Yumashev, Dmitry and Hope, Chris and Brierley, Chris M},
  journal={Environmental Research Letters},
  volume={16},
  number={9},
  pages={094037},
  year={2021},
  publisher={IOP Publishing}
}


@article{althor2016global,
  title={Global mismatch between greenhouse gas emissions and the burden of climate change},
  author={Althor, Glenn and Watson, James EM and Fuller, Richard A},
  journal={Scientific reports},
  volume={6},
  number={1},
  pages={20281},
  year={2016},
  publisher={Nature Publishing Group UK London}
}

@misc{globalcarbonproject,
  title={Global Carbon Project},
  year={2024},
  url={https://www.globalcarbonproject.org/},
  note={Accessed: 2024-05-27}
}

@article{hickel2021does,
  title={What does degrowth mean? A few points of clarification},
  author={Hickel, Jason},
  journal={Globalizations},
  volume={18},
  number={7},
  pages={1105--1111},
  year={2021},
  publisher={Taylor \& Francis}
}

@article{bharti2024income,
  title={Income and Wealth Inequality in India, 1922-2023: The Rise of the Billionaire Raj},
  author={Bharti, Nitin Kumar and Chancel, Lucas and Piketty, Thomas and Somanchi, Anmol},
  year={2024}
}

@article{oswald2023luxury,
  title={Luxury-focused carbon taxation improves fairness of climate policy},
  author={Oswald, Yannick and Millward-Hopkins, Joel and Steinberger, Julia K and Owen, Anne and Ivanova, Diana},
  journal={One Earth},
  volume={6},
  number={7},
  pages={884--898},
  year={2023},
  publisher={Elsevier}
}

@article{saez2019progressive,
  title={Progressive wealth taxation},
  author={Saez, Emmanuel and Zucman, Gabriel},
  journal={Brookings Papers on Economic Activity},
  volume={2019},
  number={2},
  pages={437--533},
  year={2019},
  publisher={Johns Hopkins University Press}
}


@article{feng2023global,
  title={A global just transition through carbon taxation and revenue recycling},
  author={Feng, Kuishuang and Chen, Xiangjie and Malerba, Daniele and Oswald, Yannick and Hubacek, Klaus},
  year={2023}
}

@article{aleksandrova2024unlocking,
  title={Unlocking climate finance for social protection: an analysis of the Green Climate Fund},
  author={Aleksandrova, Mariya and Kuhl, Laura and Malerba, Daniele},
  journal={Climate Policy},
  pages={1--16},
  year={2024},
  publisher={Taylor \& Francis}
}

@article{oswald2021global,
  title={Global redistribution of income and household energy footprints: a computational thought experiment},
  author={Oswald, Yannick and Steinberger, Julia K and Ivanova, Diana and Millward-Hopkins, Joel},
  journal={Global Sustainability},
  volume={4},
  pages={e4},
  year={2021},
  publisher={Cambridge University Press}
}

@misc{oecd_tax_reforms_2023,
  author       = {{Organisation for Economic Co-operation and Development}},
  title        = {OECD reports strong progress to G20 on international tax reforms},
  year         = 2023,
  url          = {https://www.oecd.org/tax/oecd-reports-strong-progress-to-g20-on-international-tax-reforms.htm},
  note         = {Accessed: 2024-06-10}
}

@article{buchs2019challenges,
  title={Challenges for the degrowth transition: The debate about wellbeing},
  author={B{\"u}chs, Milena and Koch, Max},
  journal={Futures},
  volume={105},
  pages={155--165},
  year={2019},
  publisher={Elsevier}
}

@book{worldbank2024state,
  title        = {State and Trends of Carbon Pricing 2024},
  author       = {{World Bank}},
  year         = 2024,
  publisher    = {World Bank},
  address      = {Washington, DC},
  doi          = {10.1596/978-1-4648-2127-1},
  note         = {License: Creative Commons Attribution CC BY 3.0 IGO}
}


@article{rao2018less,
  title={Less global inequality can improve climate outcomes},
  author={Rao, Narasimha D and Min, Jihoon},
  journal={Wiley Interdisciplinary Reviews: Climate Change},
  volume={9},
  number={2},
  pages={e513},
  year={2018},
  publisher={Wiley Online Library}
}

@article{chakravarty2009sharing,
  title={Sharing global CO2 emission reductions among one billion high emitters},
  author={Chakravarty, Shoibal and Chikkatur, Ananth and De Coninck, Heleen and Pacala, Stephen and Socolow, Robert and Tavoni, Massimo},
  journal={Proceedings of the National Academy of Sciences},
  volume={106},
  number={29},
  pages={11884--11888},
  year={2009},
  publisher={National Acad Sciences}
}

@article{fanning2020provisioning,
  title={Provisioning systems for a good life within planetary boundaries},
  author={Fanning, Andrew L and O'Neill, Daniel W and B{\"u}chs, Milena},
  journal={Global Environmental Change},
  volume={64},
  pages={102135},
  year={2020},
  publisher={Elsevier}
}


@article{lamb2024carbon,
  title={The carbon dioxide removal gap},
  author={Lamb, William F and Gasser, Thomas and Roman-Cuesta, Rosa M and Grassi, Giacomo and Gidden, Matthew J and Powis, Carter M and Geden, Oliver and Nemet, Gregory and Pratama, Yoga and Riahi, Keywan and others},
  journal={Nature Climate Change},
  pages={1--8},
  year={2024},
  publisher={Nature Publishing Group UK London}
}

@article{pottier2022expenditure,
  title={Expenditure elasticity and income elasticity of GHG emissions: A survey of literature on household carbon footprint},
  author={Pottier, Antonin},
  journal={Ecological Economics},
  volume={192},
  pages={107251},
  year={2022},
  publisher={Elsevier}
}